@Article{deLoera96,
 Author = {Jes\'us A. {De Loera}},
 Title = {{Nonregular triangulations of products of simplices.}},
 FJournal = {{Discrete \& Computational Geometry}},
 Journal = {{Discrete Comput. Geom.}},
 ISSN = {0179-5376; 1432-0444/e},
 Volume = {15},
 Number = {3},
 Pages = {253--264},
 Year = {1996},
 Publisher = {Springer US, New York, NY},
 Language = {English},
 MSC2010 = {52B11},
 Zbl = {0851.52014}
}